%% start of file `jdoe_publications.bib'.
%% Copyright 2006 Xavier Danaux (xdanaux<AT>gmail.com).
%
% This work may be distributed and/or modified under the
% conditions of the LaTeX Project Public License version 1.3c,
% available at http://www.latex-project.org/lppl/.


@BOOK{publication1,
  author = {Nachname1, Vorname1 and Nachname2, Vorname2},
  title = {Titel des Buches},
  publisher = {Musterherausgeber},
  edition = {erste},
  year = {YYYY},
}


%% end of file `jdoe_publications.bib'.
